@inproceedings{CLQ15,
  title={Web usage patterns of developers},
  author={Corley, Christopher S and Lois, Federico and Quezada, Sebastian},
  booktitle={Software Maintenance and Evolution (ICSME), 2015 IEEE International Conference on},
  pages={381--390},
  year={2015},
  organization={IEEE}
}

@article{FPG96,
  title={From data mining to knowledge discovery in databases},
  author={Fayyad, Usama and Piatetsky-Shapiro, Gregory and Smyth, Padhraic},
  journal={AI magazine},
  volume={17},
  number={3},
  pages={37},
  year={1996}
}

@inbook{SnipesETALASD,
  author = {Will Snipes and Emerson Murphy-Hill and Thomas Fritz and Mohsen Vakilian and Kostadin Damevski and Anil R. Nair and David Shepherd},
  publisher = {Morgan Kaufmann},
  chapter= {A Practical Guide to Analyzing IDE Usage Data},
  title = {Analyzing Software Data},
  year = 2015
}

@article{KaptelininN07,
	  author    = {Victor Kaptelinin and
		                 Bonnie A. Nardi},
	    title     = {Acting with technology: Activity theory and interaction design},
	      journal   = {First Monday},
	        volume    = {12},
		  number    = {4},
		    year      = {2007},
		      url       = {http://firstmonday.org/htbin/cgiwrap/bin/ojs/index.php/fm/article/view/1772},
		        timestamp = {Tue, 08 Nov 2011 13:47:50 +0100},
			  biburl    = {http://dblp.uni-trier.de/rec/bib/journals/firstmonday/KaptelininN07},
			    bibsource = {dblp computer science bibliography, http://dblp.org}
}

@inproceedings{GM04,
  author    = {V{\'{\i}}ctor M. Gonz{\'{a}}lez and
               Gloria Mark},
  title     = {"Constant, constant, multi-tasking craziness": managing multiple working
               spheres},
  booktitle = {Proceedings of {CHI} 2004},
  year      = {2004},
  pages     = {113--120},
  doi       = {10.1145/985692.985707},
  timestamp = {Tue, 11 Nov 2014 22:23:22 +0100},
  biburl    = {http://dblp.uni-trier.de/rec/bib/conf/chi/GonzalezM04},
  bibsource = {dblp computer science bibliography, http://dblp.org}
}

@inproceedings{KM06,
author = {Mik Kersten and Gail C. Murphy},
title = {{Using task context to improve programmer productivity}},
booktitle = {Proceedings of {FSE} 2006},
year = {2006},
pages = {1--11},
doi = {10.1145/1181775.1181777},
masid = {2472813}
}

@article{CM02,
  title={Mean shift: A robust approach toward feature space analysis},
  author={Comaniciu, Dorin and Meer, Peter},
  journal={IEEE Transactions on pattern analysis and machine intelligence},
  volume={24},
  number={5},
  pages={603--619},
  year={2002},
  publisher={IEEE}
}

@article{FD07,
  title={Clustering by passing messages between data points},
  author={Frey, Brendan J and Dueck, Delbert},
  journal={science},
  volume={315},
  number={5814},
  pages={972--976},
  year={2007},
  publisher={American Association for the Advancement of Science}
}

@article{R87,
  title={Silhouettes: a graphical aid to the interpretation and validation of cluster analysis},
  author={Rousseeuw, Peter J},
  journal={Journal of computational and applied mathematics},
  volume={20},
  pages={53--65},
  year={1987},
  publisher={Elsevier}
}

@article{AEH05,
  title={An analysis of patterns of debugging among novice computer science students},
  author={Ahmadzadeh, Marzieh and Elliman, Dave and Higgins, Colin},
  journal={ACM SIGCSE Bulletin},
  volume={37},
  number={3},
  pages={84--88},
  year={2005},
  publisher={ACM}
}

@article{MPB12,
  title={How we refactor, and how we know it},
  author={Murphy-Hill, Emerson and Parnin, Chris and Black, Andrew P},
  journal={IEEE Transactions on Software Engineering},
  volume={38},
  number={1},
  pages={5--18},
  year={2012},
  publisher={IEEE}
}

@article{PR11,
  title={Resumption strategies for interrupted programming tasks},
  author={Parnin, Chris and Rugaber, Spencer},
  journal={Software Quality Journal},
  volume={19},
  number={1},
  pages={5--34},
  year={2011},
  publisher={Springer}
}

@inproceedings{LVD06,
  title={Maintaining mental models: a study of developer work habits},
  author={LaToza, Thomas D and Venolia, Gina and DeLine, Robert},
  booktitle={Proceedings of the 28th international conference on Software engineering},
  pages={492--501},
  year={2006},
  organization={ACM}
}

@inproceedings{MMLK14,
  title={Quantifying program comprehension with interaction data},
  author={Minelli, Roberto and Mocci, Andrea and Lanza, Michele and Kobayashi, Takashi},
  booktitle={2014 14th International Conference on Quality Software},
  pages={276--285},
  year={2014},
  organization={IEEE}
}

@article{MKF06,
  title={How are Java software developers using the Elipse IDE?},
  author={Murphy, Gail C and Kersten, Mik and Findlater, Leah},
  journal={IEEE software},
  volume={23},
  number={4},
  pages={76--83},
  year={2006},
  publisher={IEEE}
}

@inproceedings{MKM08,
  title={Debugging: the good, the bad, and the quirky--a qualitative analysis of novices' strategies},
  author={Murphy, Laurie and Lewandowski, Gary and McCauley, Ren{\'e}e and Simon, Beth and Thomas, Lynda and Zander, Carol},
  booktitle={ACM SIGCSE Bulletin},
  volume={40},
  number={1},
  pages={163--167},
  year={2008},
  organization={ACM}
}

@article{AEH05,
  title={An analysis of patterns of debugging among novice computer science students},
  author={Ahmadzadeh, Marzieh and Elliman, Dave and Higgins, Colin},
  journal={ACM SIGCSE Bulletin},
  volume={37},
  number={3},
  pages={84--88},
  year={2005},
  publisher={ACM}
}

@article{C94,
author = {Jacob Cohen},
title = {The earth is round (p $<$ 0.5)},
journal = {American Psychologist},
volume = {49},
number = {12},
year = {1994},
pages = {997-1003}
}

@inproceedings{IH07,
  author    = {Shamsi T. Iqbal and
               Eric Horvitz},
  title     = {Disruption and recovery of computing tasks: field study, analysis,
               and directions},
  booktitle = {Proceedings of {CHI} 2007},
  year      = {2007},
  pages     = {677--686},
  doi       = {10.1145/1240624.1240730},
  timestamp = {Wed, 12 Nov 2014 17:15:28 +0100},
  biburl    = {http://dblp.uni-trier.de/rec/bib/conf/chi/IqbalH07},
  bibsource = {dblp computer science bibliography, http://dblp.org}
}

@article{SBV98,
  title={Interrupts: just a minute never is},
  author={Van Solingen, Rini and Berghout, Egon and Van Latum, Frank},
  journal={IEEE software},
  number={5},
  pages={97--103},
  year={1998},
  publisher={IEEE}
}

@inproceedings{PD10,
  author    = {Chris Parnin and
               Robert DeLine},
  title     = {Evaluating cues for resuming interrupted programming tasks},
  booktitle = {Proceedings of {CHI} 2010},
  year      = {2010},
  pages     = {93--102},
  doi       = {10.1145/1753326.1753342},
  timestamp = {Sun, 09 Nov 2014 15:33:40 +0100},
  biburl    = {http://dblp.uni-trier.de/rec/bib/conf/chi/ParninD10},
  bibsource = {dblp computer science bibliography, http://dblp.org}
}

@article{AMP97,
  author =	"Anja Struyf and Mia Hubert and Peter Rousseeuw",
  title =	"Clustering in an Object-Oriented Environment",
  journal =	"Journal of Statistical Software",
  volume =	"1",
  number =	"4",
  pages =	"1--30",
  day =  	"10",
  month =	"2",
  year = 	"1997",
  CODEN =	"JSSOBK",
  ISSN = 	"1548-7660",
  bibdate =	"1997-02-10",
  accepted =	"1997-02-10",
  acknowledgement = "",
  keywords =	"",
  submitted =	"1996-04-10",
}

@article{RP87,
  title={Silhouettes: a graphical aid to the interpretation and validation of cluster analysis},
  author={Rousseeuw, Peter J},
  journal={Journal of computational and applied mathematics},
  volume={20},
  pages={53--65},
  year={1987},
  publisher={Elsevier}
}

@article{KE05,
author = {Eamonn J. Keogh},
title = {Exact indexing of dynamic time warping},
journal = {Knowledge and Information Systems},
volume = {7},
year = {2005},
pages = {358--386},
issue = {3},
masid = {1718059}
}

@inproceedings{PR12,
  title={Programmer information needs after memory failure},
  author={Parnin, Chris and Rugaber, Spencer},
  booktitle={Program Comprehension (ICPC), 2012 IEEE 20th International Conference on},
  pages={123--132},
  year={2012},
  organization={IEEE}
}

@article{ABV12,
  title={Information, technology, and information worker productivity},
  author={Aral, Sinan and Brynjolfsson, Erik and Van Alstyne, Marshall},
  journal={Information Systems Research},
  volume={23},
  number={3-part-2},
  pages={849--867},
  year={2012},
  publisher={INFORMS}
}

@inproceedings{MGK08,
  author    = {Gloria Mark and
               Daniela Gudith and
               Ulrich Klocke},
  title     = {The cost of interrupted work: more speed and stress},
  booktitle = {Proceedings of {CHI} 2008},
  year      = {2008},
  pages     = {107--110},
  doi       = {10.1145/1357054.1357072},
  timestamp = {Wed, 12 Nov 2014 17:11:21 +0100},
  biburl    = {http://dblp.uni-trier.de/rec/bib/conf/chi/MarkGK08},
  bibsource = {dblp computer science bibliography, http://dblp.org}
}

@inproceedings{CHW04,
  author    = {Mary Czerwinski and
               Eric Horvitz and
               Susan Wilhite},
  title     = {A diary study of task switching and interruptions},
  booktitle = {Proceedings of {CHI} 2004},
  year      = {2004},
  pages     = {175--182},
  doi       = {10.1145/985692.985715},
  timestamp = {Wed, 12 Nov 2014 17:18:01 +0100},
  biburl    = {http://dblp.uni-trier.de/rec/bib/conf/chi/CzerwinskiHW04},
  bibsource = {dblp computer science bibliography, http://dblp.org}
}

@inproceedings{KM06,
author = {Mik Kersten and Gail C. Murphy},
title = {{Using task context to improve programmer productivity}},
booktitle = {Proceedings of {FSE} 2006},
year = {2006},
pages = {1--11},
doi = {10.1145/1181775.1181777},
masid = {2472813}
}

@inproceedings{SRV15,
  title={An empirical study of work fragmentation in software evolution tasks},
  author={Sanchez, Heider and Robbes, Romain and Gonzalez, Victor M},
  booktitle={2015 IEEE 22nd International Conference on Software Analysis, Evolution, and Reengineering (SANER)},
  pages={251--260},
  year={2015},
  organization={IEEE}
}

@inproceedings{MGH05,
  title={No task left behind?: examining the nature of fragmented work},
  author={Mark, Gloria and Gonzalez, Victor M and Harris, Justin},
  booktitle={Proceedings of the SIGCHI conference on Human factors in computing systems},
  pages={321--330},
  year={2005},
  organization={ACM}
}

@book{T99,
  title={On Fragmentation of Working Time: A Study of Causes and Effects of Work Interruptions},
  author={T{\'e}tard, Franck},
  year={1999},
  publisher={{\AA}bo Akademi University}
}

@article{BJE05,
  title={Optimising the email communication environment},
  author={Burgess, A and Jackson, Thomas W and Edwards, J},
  journal={Managing modern organizations with information technology: IRMA 2005 proceedings},
  year={2005}
}

@article{CCH01,
  title={Notification, disruption, and memory: Effects of messaging interruptions on memory and performance},
  author={Cutrell, Edward and Czerwinski, Mary and Horvitz, Eric},
  year={2001},
  publisher={Citeseer}
}

@article{LR05,
  title={Meetings and More Meetings: The Relationship Between Meeting Load and the Daily Well-Being of Employees.},
  author={Luong, Alexandra and Rogelberg, Steven G},
  journal={Group Dynamics: Theory, Research, and Practice},
  volume={9},
  number={1},
  pages={58},
  year={2005},
  publisher={Educational Publishing Foundation}
}

@article{H04,
  title={Mining software repositories to assist developers and support managers},
  author={Hassan, Ahmed},
  year={2004},
  publisher={University of Waterloo}
}

@inproceedings{H08,
  title={The road ahead for mining software repositories},
  author={Hassan, Ahmed E},
  booktitle={Frontiers of Software Maintenance, 2008. FoSM 2008.},
  pages={48--57},
  year={2008},
  organization={IEEE}
}

@inproceedings{HX10,
  title={Software intelligence: the future of mining software engineering data},
  author={Hassan, Ahmed E and Xie, Tao},
  booktitle={Proceedings of the FSE/SDP workshop on Future of software engineering research},
  pages={161--166},
  year={2010},
  organization={ACM}
}

@inproceedings{KDZ12,
  title={Do faster releases improve software quality? an empirical case study of mozilla firefox},
  author={Khomh, Foutse and Dhaliwal, Tejinder and Zou, Ying and Adams, Bram},
  booktitle={Mining Software Repositories (MSR), 2012 9th IEEE Working Conference on},
  pages={179--188},
  year={2012},
  organization={IEEE}
}

@inproceedings{NBZ06,
  title={Mining metrics to predict component failures},
  author={Nagappan, Nachiappan and Ball, Thomas and Zeller, Andreas},
  booktitle={Proceedings of the 28th international conference on Software engineering},
  pages={452--461},
  year={2006},
  organization={ACM}
}

@article{FPC14,
  title={Data stream mining for predicting software build outcomes using source code metrics},
  author={Finlay, Jacqui and Pears, Russel and Connor, Andy M},
  journal={Information and Software Technology},
  volume={56},
  number={2},
  pages={183--198},
  year={2014},
  publisher={Elsevier}
}

@inproceedings{ZN08,
  title={Predicting defects using network analysis on dependency graphs},
  author={Zimmermann, Thomas and Nagappan, Nachiappan},
  booktitle={Proceedings of the 30th international conference on Software engineering},
  pages={531--540},
  year={2008},
  organization={ACM}
}

@inproceedings{MWS08,
  title={Predicting failures with developer networks and social network analysis},
  author={Meneely, Andrew and Williams, Laurie and Snipes, Will and Osborne, Jason},
  booktitle={Proceedings of the 16th ACM SIGSOFT International Symposium on Foundations of software engineering},
  pages={13--23},
  year={2008},
  organization={ACM}
}

@inproceedings{CD10,
  title={Are you having difficulty?},
  author={Carter, Jason and Dewan, Prasun},
  booktitle={Proceedings of the 2010 ACM conference on Computer supported cooperative work},
  pages={211--214},
  year={2010},
  organization={ACM}
}

@inproceedings{FMH07,
  title={Does a programmer's activity indicate knowledge of code?},
  author={Fritz, Thomas and Murphy, Gail C and Hill, Emily},
  booktitle={Proceedings of the the 6th joint meeting of the European software engineering conference and the ACM SIGSOFT symposium on The foundations of software engineering},
  pages={341--350},
  year={2007},
  organization={ACM}
}

@inproceedings{MGH05,
  title={No task left behind?: examining the nature of fragmented work},
  author={Mark, Gloria and Gonzalez, Victor M and Harris, Justin},
  booktitle={Proceedings of the SIGCHI conference on Human factors in computing systems},
  pages={321--330},
  year={2005},
  organization={ACM}
}

@article{EC00,
  title={The effects of interruptions in work activity: Field and laboratory results},
  author={Eyrolle, H{\'e}l{\`e}ne and Cellier, Jean-Marie},
  journal={Applied ergonomics},
  volume={31},
  number={5},
  pages={537--543},
  year={2000},
  publisher={Elsevier}
}

@techreport{AT04,
  title={Task interruption: Resumption lag and the role of cues},
  author={Altmann, Erik M and Trafton, J Gregory},
  year={2004},
  institution={DTIC Document}
}

@inproceedings{BKC01,
  title={The effects of interruptions on task performance, annoyance, and anxiety in the user interface},
  author={Bailey, Brian P and Konstan, Joseph A and Carlis, John V},
  booktitle={Proceedings of INTERACT},
  volume={1},
  pages={593--601},
  year={2001}
}

@article{BL96,
  title={Effects of interruptions on the computerised clerical task performance},
  author={Burmistrov, Ivan and Leonova, Anna},
  journal={Human-computer interaction: Human aspects of business computing. Proceedings of EWHCI},
  volume={96},
  pages={21--29},
  year={1996}
}

@inproceedings{CDT07,
  title={Does the Difficulty of an Interruption Affect our Ability to Resume?},
  author={Cades, David M and Davis, Deborah A Boehm and Trafton, J Gregory and Monk, Christopher A},
  booktitle={Proceedings of the Human Factors and Ergonomics Society Annual Meeting},
  volume={51},
  number={4},
  pages={234--238},
  year={2007},
  organization={SAGE Publications}
}

@inproceedings{BGZ15,
  title={How (much) do developers test?},
  author={Beller, Moritz and Gousios, Georgios and Zaidman, Andy},
  booktitle={2015 IEEE/ACM 37th IEEE International Conference on Software Engineering},
  volume={2},
  pages={559--562},
  year={2015},
  organization={IEEE}
}

@inproceedings{RTK12,
  title={How do professional developers comprehend software?},
  author={Roehm, Tobias and Tiarks, Rebecca and Koschke, Rainer and Maalej, Walid},
  booktitle={Proceedings of the 34th International Conference on Software Engineering},
  pages={255--265},
  year={2012},
  organization={IEEE Press}
}

@article{FH83,
  title={Application program maintenance study: Report to our respondents},
  author={Fjeldstad, Richard K and Hamlen, William T},
  journal={Proceedings Guide},
  volume={48},
  year={1983}
}

@article{R95,
  title={Program comprehension},
  author={Rugaber, Spencer},
  journal={Encyclopedia of Computer Science and Technology},
  volume={35},
  number={20},
  pages={341--368},
  year={1995}
}

@phdthesis{B14,
  title={Visualizing Developers Interactions with the IDE},
  author={Baracchi, Lorenzo},
  year={2014},
  school={Universit{\`a} della Svizzera Italiana}
}

@inproceedings{SLV10,
  title={An examination of software engineering work practices},
  author={Singer, Janice and Lethbridge, Timothy and Vinson, Norman and Anquetil, Nicolas},
  booktitle={CASCON First Decade High Impact Papers},
  pages={174--188},
  year={2010},
  organization={IBM Corp.}
}

@article{P14,
  title={Supporting interrupted programming tasks with memory-based aids},
  author={Parnin, Christopher Joseph},
  year={2014},
  publisher={Georgia Institute of Technology}
}

@inproceedings{AFQ15,
  title={A field study on fostering structural navigation with prodet},
  author={Augustine, Vinay and Francis, Patrick and Qu, Xiao and Shepherd, David and Snipes, Will and Br{\"a}unlich, Christoph and Fritz, Thomas},
  booktitle={Proceedings of the 37th International Conference on Software Engineering-Volume 2},
  pages={229--238},
  year={2015},
  organization={IEEE Press}
}

@article{KMC06,
  title={An exploratory study of how developers seek, relate, and collect relevant information during software maintenance tasks},
  author={Ko, Andrew J and Myers, Brad A and Coblenz, Michael J and Aung, Htet Htet},
  journal={IEEE Transactions on software engineering},
  volume={32},
  number={12},
  pages={971--987},
  year={2006},
  publisher={IEEE}
}
